<?xml version="1.0" encoding="UTF-8"?><record xmlns="http://www.loc.gov/MARC21/slim" xmlns:cinclude="http://apache.org/cocoon/include/1.0" xmlns:zs="http://www.loc.gov/zing/srw/">
  <leader>00878nz  a2200181n  4500</leader>
  <controlfield tag="001">no2008153785</controlfield>
  <controlfield tag="003">DLC</controlfield>
  <controlfield tag="005">20081022081640.0</controlfield>
  <controlfield tag="008">081020n| acannaabn          |a aaa     c</controlfield>
  <datafield tag="010" ind1=" " ind2=" ">
    <subfield code="a">no2008153785</subfield>
  </datafield>
  <datafield tag="035" ind1=" " ind2=" ">
    <subfield code="a">(OCoLC)oca07911667</subfield>
  </datafield>
  <datafield tag="040" ind1=" " ind2=" ">
    <subfield code="a">NN</subfield>
    <subfield code="b">eng</subfield>
    <subfield code="c">NN</subfield>
  </datafield>
  <datafield tag="100" ind1="1" ind2=" ">
    <subfield code="a">Rangström, Ture,</subfield>
    <subfield code="d">1884-1947.</subfield>
    <subfield code="t">Ur kung Eriks visor.</subfield>
    <subfield code="p">En visa till Karin när hon hade dansat</subfield>
  </datafield>
  <datafield tag="400" ind1="1" ind2=" ">
    <subfield code="a">Rangström, Ture,</subfield>
    <subfield code="d">1884-1947.</subfield>
    <subfield code="t">En visa till Karin när hon hade dansat</subfield>
  </datafield>
  <datafield tag="400" ind1="1" ind2=" ">
    <subfield code="a">Rangström, Ture,</subfield>
    <subfield code="d">1884-1947.</subfield>
    <subfield code="t">Av ädla blomster vill jag linda</subfield>
  </datafield>
  <datafield tag="670" ind1=" " ind2=" ">
    <subfield code="a">Rangström, T. En visa till Karin när hon hade dansat [SR], [194-?]</subfield>
  </datafield>
  <datafield tag="670" ind1=" " ind2=" ">
    <subfield code="a">Rangström, T. Kung Eriks visor, c1951:</subfield>
    <subfield code="b">p. 10 (III. En visa till Karin när hon hade dansat; text incipit: Av ädla blomster vill jag linda)</subfield>
  </datafield>
  <datafield tag="670" ind1=" " ind2=" ">
    <subfield code="a">OCLC, Oct. 20, 2008</subfield>
    <subfield code="b">(hdg.: Ur kung Eriks visor. En visa till Karin när hon hade dansat)</subfield>
  </datafield>
</record>